<?xml version="1.0" encoding="UTF-8"?><collection xmlns="http://www.loc.gov/MARC21/slim"><record><leader>00402nam--2200133-i-4500</leader><controlfield tag="001">000040318</controlfield><controlfield tag="002">20161230</controlfield><controlfield tag="005">20161230201042</controlfield><controlfield tag="008">060222s1000------------r-----000-0-eng-d</controlfield><datafield ind1=" " ind2=" " tag="080"><subfield code="a">621.833.004.5</subfield></datafield><datafield ind1=" " ind2=" " tag="100"><subfield code="a">Ruzicka, Vaclav</subfield></datafield><datafield ind1=" " ind2=" " tag="245"><subfield code="a">Controlul rotilor dintate cu introducere in calculul geometric al danturilor. trad.din l.ceha</subfield></datafield><datafield ind1=" " ind2=" " tag="260"><subfield code="a">Bucuresti, Ed.Tehnica, 1959, 430p., 169 Fig</subfield></datafield><datafield ind1=" " ind2=" " tag="852"><subfield code="a">6032</subfield></datafield></record></collection>